% Encoding: UTF-8

@Book{mckinney12,
  title     = {Python for Data Analysis: Data Wrangling with Pandas, NumPy, and IPython},
  publisher = {O'Reilly},
  year      = {2013},
  author    = {McKinney, Wes},
  address   = {Beijing},
  edition   = {First},
  isbn      = {9781449319793 1449319793},
  abstract  = {Serves as an introduction to Python for data-intensive applications.},
  added-at  = {2016-05-11T06:29:45.000+0200},
  biburl    = {https://www.bibsonomy.org/bibtex/2957b733db0053e82b22b5b0656ad5de8/ytyoun},
  interhash = {0aa841da42cb1aabaed3afe6f88b5109},
  intrahash = {957b733db0053e82b22b5b0656ad5de8},
  keywords  = {ipython numpy pandas python textbook},
  refid     = {794362690},
  timestamp = {2016-05-11T06:29:45.000+0200},
}

@Book{Raschka2017,
  title     = {Machine Learning mit Python und Scikit-Learn und TensorFlow - Das umfassende Praxis-Handbuch für Data Science, Predictive Analytics und Deep Learning},
  publisher = {MITP-Verlags GmbH \& Co. KG},
  year      = {2017},
  author    = {Raschka, Sebastian AND Mirjalili, Vahid},
  address   = {Heidelberg},
  edition   = {2. Aufl.},
  isbn      = {978-3-958-45735-5},
}

@Book{VanderPlass2017,
  title     = {Data Science mit Python - Das Handbuch für den Einsatz von IPython, Jupyter, NumPy, Pandas, Matplotlib und Scikit-Learn},
  publisher = {MITP-Verlags GmbH \& Co. KG},
  year      = {2017},
  author    = {VanderPlas, Jake},
  address   = {Heidelberg},
  edition   = {1. Aufl.},
  isbn      = {978-3-958-45697-6},
}

@Book{Mueller2017,
  title     = {Maschinelles Lernen mit Python und R für Dummies -},
  publisher = {Wiley-VCH},
  year      = {2017},
  author    = {Mueller, John Paul AND Massaron, Luca AND Linke, Simone},
  address   = {Weinheim},
  edition   = {1. Aufl.},
  isbn      = {978-3-527-71363-9},
}

@Book{1991,
  title     = {Neuronale Netze - eine Einführung in die Neuroinformatik selbstorganisierender Netzwerke},
  publisher = {Addison-Wesley},
  year      = {1991},
  author    = {Ritter, Helge AND Martinetz, Thomas AND Schulten, Klaus},
  address   = {Amsterdam},
  isbn      = {978-3-893-19131-4},
}

@Book{Kratzer1991,
  title     = {Neuronale Netze - Grundlagen und Anwendungen},
  publisher = {Hanser},
  year      = {1991},
  author    = {Kratzer, Klaus Peter},
  address   = {München},
  isbn      = {978-3-446-16026-2},
}

@Book{Kohm2014,
  title     = {KOMA-Script - Eine Sammlung von Klassen und Paketen für LaTeX 2e},
  publisher = {Lehmanns Media},
  year      = {2014},
  author    = {Kohm, Markus},
  address   = {Berlin},
  edition   = {5. überarbeitete und erweiterte},
  isbn      = {978-3-865-41613-1},
}

@Comment{jabref-meta: databaseType:bibtex;}
